<?xml version="1.0" encoding="UTF-8"?><record xmlns="http://www.loc.gov/MARC21/slim" xmlns:cinclude="http://apache.org/cocoon/include/1.0" xmlns:zs="http://www.loc.gov/zing/srw/">
  <leader>00450nz  a2200145n  4500</leader>
  <controlfield tag="001">no2002067866</controlfield>
  <controlfield tag="003">DLC</controlfield>
  <controlfield tag="005">20020731052201.0</controlfield>
  <controlfield tag="008">020730n| acannaabn          |n aaa     c</controlfield>
  <datafield tag="010" ind1=" " ind2=" ">
    <subfield code="a">no2002067866</subfield>
  </datafield>
  <datafield tag="035" ind1=" " ind2=" ">
    <subfield code="a">(OCoLC)oca05824325</subfield>
  </datafield>
  <datafield tag="040" ind1=" " ind2=" ">
    <subfield code="a">FMU</subfield>
    <subfield code="b">eng</subfield>
    <subfield code="c">FMU</subfield>
  </datafield>
  <datafield tag="100" ind1="1" ind2="0">
    <subfield code="a">Barr, Jeanne,</subfield>
    <subfield code="d">1932-1967</subfield>
  </datafield>
  <datafield tag="670" ind1=" " ind2=" ">
    <subfield code="a">Long day's journey into night, c1962:</subfield>
    <subfield code="b">credits (Jeanne Barr; actress)</subfield>
  </datafield>
  <datafield tag="670" ind1=" " ind2=" ">
    <subfield code="a">Internet Movie Database</subfield>
    <subfield code="b">(b. 1932; d. 10 August 1967, New York)</subfield>
  </datafield>
</record>